@booklet{vorbereitungsmappe,
  title={Gitterschwingungen - {V}orbereitungsmappe},
  Month        = {September},
  Year         = {2014}
}

@misc{wiki:kristallstruktur,
   author = "Wikipedia",
   title = "Kristallstruktur --- {W}ikipedia{,} {D}ie freie {E}nzyklop채die",
   year = "2014",
   url = "\url{http://de.wikipedia.org/wiki/Kristallstruktur}",
   note = "[Zugriff am 11. Januar 2015]"
}
 
@misc{wiki:wignerseitz,
   author = "Wikipedia",
   title = "Wigner-{S}eitz-{Z}elle --- {W}ikipedia{,} {D}ie freie {E}nzyklop채die",
   year = "2014",
   url = "\url{http://de.wikipedia.org/wiki/Wigner-Seitz-Zelle}",
   note = "[Zugriff am 11. Januar 2015]"
}
 
@misc{wiki:gruppengeschwindigkeit,
   author = "Wikipedia",
   title = "Gruppengeschwindigkeit --- {W}ikipedia{,} {D}ie freie {E}nzyklop채die",
   year = "2014",
   url = "\url{http://de.wikipedia.org/wiki/Gruppengeschwindigkeit}",
   note = "[Zugriff am 11. Januar 2015]"
}

@misc{wiki:stehendewelle,
   author = "Wikipedia",
   title = "Stehende {W}elle --- {W}ikipedia{,} {D}ie freie {E}nzyklop채die",
   year = "2014",
   url = "\url{http://de.wikipedia.org/wiki/Stehende_Welle}",
   note = "[Zugriff am 11. Januar 2015]"
 }