@article{smith1999,
	author={Smith, Stephen P AND Bhalotra, Sameer R. AND Brody, Anne L AND Brown, Benjamin L. AND Boyda, Edward K. AND Prentiss, Mara},
    title={Inexpensive optical tweezers for undergraduate laboratories},
    year={1997}
}

@article{ashkin1970,
	author={Ashkin, A},
    title={Acceleration and trapping of particles by radiation pressure},
    journal={Physical Review Letters},
    year={1970},
    month={January}
}

@article{ashkin1992,
	author={Ashkin, A},
    title={Forces of a single-beam gradient laser trap on a dielectric sphere in the ray optics regime},
    year={1992},
    month={February},
    journal={Biophysical Journal}
}

@misc{wiki:optischepinzette,
   author = "Wikipedia",
   title = "Optische {P}inzette --- {W}ikipedia{,} {D}ie freie {E}nzyklopädie",
   year = "2015",
   url = "\url{http://de.wikipedia.org/wiki/Optische_Pinzette}",
   note = "[Zugriff am 15. Februar 2015]"
}

@misc{wiki:opticaltweezers,
   author = "Wikipedia",
   title = "Optical {T}weezers --- {W}ikipedia{,} {T}he free encyclopedia",
   year = "2015",
   url = "\url{https://en.wikipedia.org/wiki/Optical_tweezers}",
   note = "[Zugriff am 15. Februar 2015]"
}

@misc{wiki:rayleigh,
   author = "Wikipedia",
   title = "Rayleigh-{S}treuung --- {W}ikipedia{,} {D}ie freie {E}nzyklopädie",
   year = "2015",
   url = "\url{https://de.wikipedia.org/wiki/Rayleigh-Streuung}",
   note = "[Zugriff am 15. Februar 2015]"
}

@booklet{vorbereitungsmappe,
  title={The Optical Tweezer - {V}orbereitungsmappe}
}

@booklet{protokoll,
  title={Kraftmessung in mikroskopischen {D}imensionen: {D}ie optische {P}inzette},
  author={Scholz, Daniel and Rohmeyer, Hauke}
}

@techreport{praktikum,
	author={Tönnies, Antje},
    institution={Universität Stuttgart, 2. Physikalisches Institut}
    title={Aufbau und {K}onzeptionierung einer optischen {P}inzette für das {A}nfängerpraktikum},
    year={2005},
    month={Mai}
}