@misc{wiki:radioactivity,
   author = "Wikipedia",
   title = "Radioaktivität --- {W}ikipedia{,} {D}ie freie {E}nzyklopädie",
   year = "2014",
   url = "\url{http://de.wikipedia.org/wiki/Radioaktivit%C3%A4t}",
   note = "[Zugriff am 18. November 2014]"
 }
 
 @misc{wiki:alpha,
   author = "Wikipedia",
   title = "Alphastrahlung --- {W}ikipedia{,} {D}ie freie {E}nzyklopädie",
   year = "2014",
   url = "\url{http://de.wikipedia.org/wiki/Alphastrahlung}",
   note = "[Zugriff am 18. November 2014]"
 }
 
 @misc{wiki:beta,
   author = "Wikipedia",
   title = "Betastrahlung --- {W}ikipedia{,} {D}ie freie {E}nzyklopädie",
   year = "2014",
   url = "\url{http://de.wikipedia.org/wiki/Betastrahlung}",
   note = "[Zugriff am 19. November 2014]"
 }
 
 @misc{wiki:gamma,
   author = "Wikipedia",
   title = "Gammastrahlung --- {W}ikipedia{,} {D}ie freie {E}nzyklopädie",
   year = "2014",
   url = "\url{http://de.wikipedia.org/wiki/Gammastrahlung}",
   note = "[Zugriff am 19. November 2014]"
 }
 
@booklet{blauesBuch,
  title={Einführung in das {K}ernphysikalische {P}raktikum},
  Author       = {F. K. Schmidt},
  Month        = {September},
  Year         = {2009}
}
 
 @misc{wiki:anisotropie,
   author = "Wikipedia",
   title = "Anisotropie --- {W}ikipedia{,} {D}ie freie {E}nzyklopädie",
   year = "2014",
   url = "\url{http://de.wikipedia.org/wiki/Anisotropie}",
   note = "[Zugriff am 19. November 2014]"
 }
 
@misc{web:korrelation,
	title = "Winkelverteilung von {G}ammastrahlung --- {S}pektrum{,} {L}exikon der {P}hysik",
	url = "\url{http://www.spektrum.de/lexikon/physik/winkelverteilung-von-gammastrahlung/15648}",
   note = "[Zugriff am 13. Dezember 2014]"
}