@misc{wiki:drehimpuls,
   author = "Wikipedia",
   title = "Drehimpuls --- {W}ikipedia{,} {D}ie freie {E}nzyklopädie",
   year = "2014",
   url = "\url{http://de.wikipedia.org/wiki/Drehimpuls}",
   note = "[Zugriff am 23. November 2014]"
 }
 
@misc{wiki:spin,
   author = "Wikipedia",
   title = "Spin --- {W}ikipedia{,} {D}ie freie {E}nzyklopädie",
   year = "2014",
   url = "\url{http://de.wikipedia.org/wiki/Spin}",
   note = "[Zugriff am 23. November 2014]"
 }
 
@misc{web:spin,
  title = {Spin},
  howpublished ={\url{http://www.quantenwelt.de/quantenmechanik/eigenschaften/spin.html}},
  note = "[Zugriff am 23. November 2014]"
}

@booklet{mappe,
  title={Mappe zum {V}ersuch ''{M}agnetische {R}esonanz''},
  Month        = {November},
  Year         = {2012}
}

@misc{wiki:esr,
   author = "Wikipedia",
   title = "Elektronenspinresonanz --- {W}ikipedia{,} {D}ie freie {E}nzyklopädie",
   year = "2014",
   url = "\url{http://de.wikipedia.org/wiki/Elektronenspinresonanz}",
   note = "[Zugriff am 23. November 2014]"
}

@misc{wiki:epr,
   author = "Wikipedia",
   title = "Electron paramagnetic resonance --- {W}ikipedia{,} the free encyclopedia",
   year = "2014",
   url = "\url{http://en.wikipedia.org/wiki/Electron_paramagnetic_resonance}",
   note = "[Zugriff am 01. März 2015]"
}
 
@misc{wiki:zeeman,
   author = "Wikipedia",
   title = "Zeeman-Effekt --- {W}ikipedia{,} {D}ie freie {E}nzyklopädie",
   year = "2014",
   url = "\url{http://de.wikipedia.org/wiki/Zeeman-Effekt}",
   note = "[Zugriff am 23. November 2014]"
 }
 
@misc{wiki:hyperfeinstruktur,
   author = "Wikipedia",
   title = "Hyperfeinstruktur --- {W}ikipedia{,} {D}ie freie {E}nzyklopädie",
   year = "2015",
   url = "\url{http://de.wikipedia.org/wiki/Hyperfeinstruktur}",
   note = "[Zugriff am 18. Januar 2015]"
 }
 
 @misc{wiki:dichlormethan,
   author = "Wikipedia",
   title = "Dichlormethan --- {W}ikipedia{,} {D}ie freie {E}nzyklopädie",
   year = "2015",
   url = "\url{http://de.wikipedia.org/wiki/Dichlormethan}",
   note = "[Zugriff am 20. Januar 2015]"
 }
 
 @misc{wiki:trichlormethan,
   author = "Wikipedia",
   title = "Chloroform --- {W}ikipedia{,} {D}ie freie {E}nzyklopädie",
   year = "2015",
   url = "\url{http://de.wikipedia.org/wiki/Chloroform}",
   note = "[Zugriff am 20. Januar 2015]"
 }
 
 @misc{wiki:essigsaeure,
   author = "Wikipedia",
   title = "Essigsäure --- {W}ikipedia{,} {D}ie freie {E}nzyklopädie",
   year = "2015",
   url = "\url{http://de.wikipedia.org/wiki/Essigs%C3%A4ure}",
   note = "[Zugriff am 20. Januar 2015]"
 }
 
 @misc{wiki:ethanol,
   author = "Wikipedia",
   title = "Ethanol --- {W}ikipedia{,} {D}ie freie {E}nzyklopädie",
   year = "2015",
   url = "\url{http://de.wikipedia.org/wiki/Ethanol}",
   note = "[Zugriff am 20. Januar 2015]"
 }
 
 @misc{wiki:isopropanol,
   author = "Wikipedia",
   title = "2-Propanol --- {W}ikipedia{,} {D}ie freie {E}nzyklopädie",
   year = "2015",
   url = "\url{http://de.wikipedia.org/wiki/2-Propanol}",
   note = "[Zugriff am 20. Januar 2015]"
 }
 
 @misc{wiki:npropanol,
   author = "Wikipedia",
   title = "1-Propanol --- {W}ikipedia{,} {D}ie freie {E}nzyklopädie",
   year = "2015",
   url = "\url{http://de.wikipedia.org/wiki/1-Propanol}",
   note = "[Zugriff am 20. Januar 2015]"
 }