@booklet{blauesBuch,
  title={Einf√ºhrung in das {K}ernphysikalische {P}raktikum},
  Month        = {September},
  Year         = {2009}
}