@misc{wiki:kristallstruktur,
   author = "Wikipedia",
   title = "Kristallstruktur --- {W}ikipedia{,} {D}ie freie {E}nzyklopädie",
   year = "2014",
   url = "\url{http://de.wikipedia.org/wiki/Kristallstruktur}",
   note = "[Zugriff am 11. Januar 2015]"
}

@book{kittel,
    author    = "Charles {K}ittel",
    title     = "{E}inführung in die {F}estkörperphysik",
    publisher = "Oldenbourg Verlag München Wien",
    edition  = "14. Auflage",
    year      = "2006"
}

@book{roentgenbeugung,
    author    = "Lothar Spiess and Gerd Teichert and Robert Sschwarzer and Herfried Behnken and Christoph Genzel",
    title     = "{M}oderne {R}öntgenbeugung",
    publisher = "Springer Verlag",
    year      = "2009"
}

@misc{wiki:roentgenstrahlung,
   author = "Wikipedia",
   title = "Röntgenstrahlung --- {W}ikipedia{,} {D}ie freie {E}nzyklopädie",
   year = "2014",
   url = "\url{http://de.wikipedia.org/wiki/R%C3%B6ntgenstrahlung}",
   note = "[Zugriff am 05. Dezember 2014]"
}
 
@misc{wiki:bremsstrahlung,
   author = "Wikipedia",
   title = "Bremsstrahlung --- {W}ikipedia{,} {D}ie freie {E}nzyklopädie",
   year = "2015",
   url = "\url{http://de.wikipedia.org/wiki/Bremsstrahlung}",
   note = "[Zugriff am 21. Januar 2015]"
}
 
@misc{wiki:charakteristischeStrahlung,
   author = "Wikipedia",
   title = "Charakteristische {S}trahlung --- {W}ikipedia{,} {D}ie freie {E}nzyklopädie",
   year = "2015",
   url = "\url{http://de.wikipedia.org/wiki/Charakteristische_R%C3%B6ntgenstrahlung}",
   note = "[Zugriff am 21. Januar 2015]"
}
 
@misc{wiki:miller,
   author = "Wikipedia",
   title = "Millersche {I}ndizes --- {W}ikipedia{,} {D}ie freie {E}nzyklopädie",
   year = "2015",
   url = "\url{http://de.wikipedia.org/wiki/Millersche_Indizes}",
   note = "[Zugriff am 22. Januar 2015]"
}
 
@misc{bravais,
   author = "{C}hemie {L}exikon",
   title = "Bravais-{G}itter",
   year = "2015",
   url = "\url{http://www.chemie.de/lexikon/Bravais-Gitter.html}",
   note = "[Zugriff am 23. Januar 2015]"
}
 
@misc{wiki:raumgruppe,
   author = "Wikipedia",
   title = "Raumgruppe",
   year = "2015",
   url = "\url{http://de.wikipedia.org/wiki/Raumgruppe}",
   note = "[Zugriff am 28. Januar 2015]"
}
 
@misc{wiki:punktgruppe,
   author = "Wikipedia",
   title = "Punktgruppe",
   year = "2015",
   url = "\url{http://de.wikipedia.org/wiki/Punktgruppe}",
   note = "[Zugriff am 28. Januar 2015]"
}

@misc{wiki:kugelpackung,
   author = "Wikipedia",
   title = "Dichteste {K}ugelpackung",
   year = "2015",
   url = "\url{http://de.wikipedia.org/wiki/Dichteste_Kugelpackung}",
   note = "[Zugriff am 28. Januar 2015]"
}

@misc{wiki:oktaederluecke,
   author = "Wikipedia",
   title = "Oktaederlücke",
   year = "2015",
   url = "\url{http://de.wikipedia.org/wiki/Oktaederl%C3%BCcke}",
   note = "[Zugriff am 28. Januar 2015]"
}

@misc{wiki:tetraederluecke,
   author = "Wikipedia",
   title = "Tetraederlücke",
   year = "2015",
   url = "\url{http://de.wikipedia.org/wiki/Tetraederl%C3%BCcke}",
   note = "[Zugriff am 28. Januar 2015]"
}

@misc{roentgeninterferenzen,
   author = "KIT",
   title = "Röntgeninterferenzen",
   url = "\url{http://las.physik.kit.edu/downloads/Kap_13.pdf}",
   note = "[Zugriff am 31. Januar 2015]"
}
 
@booklet{vorbereitungsMappe,
  title={Debye-{S}cherer-{M}ethode {S}trukturbestimmung aus {P}ulverdiagrammen},
  Author       = {Klaus D. Eichorn},
  Year         = {2006},
  Address	   = {Laboratorium für Applikationen der Synchrotonstrahlung, Universität Karlsruhe (TH), Kaiserstraße 12, D-76128 Karlsruhe}
}

@misc{miller,
  title = {Diffraction {T}heory - {C}ondensed {M}atter {P}hysics},
  Author       = {Rudi Winter},
  howpublished = \url{http://users.aber.ac.uk/ruw/teach/334/diffraction.php},
  note = "[Zugriff am 22. Januar 2015]"
}

@misc{wiki:ausloeschung,
   author = "Wikipedia",
   title = "Systematische {A}uslöschung",
   year = "2015",
   url = "\url{http://de.wikipedia.org/wiki/Systematische_Ausl%C3%B6schung}",
   note = "[Zugriff am 01. Februar 2015]"
}

@misc{wiki:debyescherrer,
   author = "Wikipedia",
   title = "Debye-{S}cherrer-{V}erfahren",
   year = "2015",
   url = "\url{http://de.wikipedia.org/wiki/Systematische_Ausl%C3%B6schung}",
   note = "[Zugriff am 01. Februar 2015]"
}

@booklet{protokoll1,
  title={Debye-{S}cherer-{A}ufnahmen},
  author       = "Dominik Duda and Ernesto Ruge",
  year         = {2008}
}